<?xml version="1.0" encoding="UTF-8"?><collection xmlns="http://www.loc.gov/MARC21/slim"><record><leader>00434nam--2200133-i-4500</leader><controlfield tag="001">000014276</controlfield><controlfield tag="002">20161230</controlfield><controlfield tag="005">20170210152113</controlfield><controlfield tag="008">060222s1000------------r-----000-0-eng-d</controlfield><datafield ind1=" " ind2=" " tag="245"><subfield code="a">Cutremurul de pamint din Romania de la 4 mart. 1977. Coordonatori: acad.Stefan Balan, ing. Valeriu Cristescu, dr.ing. Ion Cornea</subfield></datafield><datafield ind1=" " ind2=" " tag="260"><subfield code="a">Bucuresti</subfield><subfield code="b">Ed.Academiei R.S.R</subfield><subfield code="c">1982</subfield></datafield><datafield ind1=" " ind2=" " tag="300"><subfield code="a">516 p</subfield></datafield><datafield ind1=" " ind2=" " tag="852"><subfield code="a">550.34(498)</subfield></datafield><datafield ind1=" " ind2=" " tag="CAT"><subfield code="a">SYS</subfield><subfield code="c">20170210</subfield><subfield code="h">152113</subfield></datafield></record></collection>